@book{KaufmannPfisterSprache,
	author={Kaufmann, Tobias and Pfister, Beat},
	title={Sprachverarbeitung},
	subtitle={Grundlagen und Methoden der Sprachsynthese und Spracherkennung},
	publisher={Springer},
	location={Heidelberg},
	year={2008},
	hyphenation={german}
}

@book{FellbaumSprache,
	author={Fellbaum, Klaus},
	title={Sprachverarbeitung und Sprachübertragung},
	publisher={Springer},
	location={Heidelberg},
	edition={2},
	year={2012},
	hyphenation={german}
}

@book{NielsenPernice,
	author={Nielsen, Jakob and Pernice, Kara},
	title={Eyetracking Web Usability},
	publisher={New Riders},
	location={Berkeley, CA},
	year={2010},
	hyphenation={english}
}

@book{Duchowski,
	author={Duchowski, Andrew},
	title={Eye Tracking Methodology},
	subtitle={Theory and Practice},
	publisher={Springer},
	location={London},
	year={2010},
	edition={2},
	hyphenation={english}
}

@online{TobiiGlasses,
	url={http://www.tobiipro.com/product-listing/tobii-pro-glasses-2/},
	title={Tobii Pro Glasses 2},
	year={2017},
	month={4},
	urldate={2017-04-03}
}

@online{TobiiSpectrum,
	url={http://www.tobiipro.com/product-listing/tobii-pro-spectrum/},
	title={Tobii Pro Spectrum},
	year={2017},
	month={4},
	urldate={2017-04-03}
}

@online{SMIRED,
	url={https://www.smivision.com/eye-tracking/product/eye-trackingproducteye-trackingproductred250mobile-eye-tracker/},
	year={2017},
	title={SMI Red250mobile},
	month={4},
	urldate={2017-04-05}
}

@online{MOSO,
	url={http://www.moso-gmbh.de/de/motion-concepts/sondersteuerungen/kinnsteuerung-moso.html},
	title={Moso® Kinnsteuerung},
	year={2012},
	month={9},
	day={10},
	urldate={2017-04-15}
}

@online{SMILESMART,
	url= {https://smilesmart-tech.com/assistive-technology-products/wheelchair-controls/wheelchair-chin-control/},
	title={Smile Smart Kinnsteuerung},
	year={2017},
	month={4},
	urldate={2017-04-15}
}

@online{SENSORY,
	url= {http://www.sensoryguru.com/product/chin-mouse-controller/},
	title={Sensory Kinnsteuerung},
	year={2017},
	month={4},
	urldate={2017-04-15}
}

@online{INTEGRA,
	url= {http://www.integramouse.com/en/home/highlights-details/?tx_ttnews%5Btt_news%5D=470&cHash=6457ff0d57ee2de8b5c41ac23b53d9b1},
	title={IntegraMouse Plus},
	year={2017},
	month={4},
	urldate={2017-04-15}
}

@online{INTEGRA_Stories,
	url= {http://www.integramouse.com/en/user-stories},
	title= {IntegraMouse Erfolge},
	year={2017},
	month={5},
	urldate={2017-05-27}
}

@online{INTEGRA_VIDEO,
	url= {https://www.youtube.com/watch?v=rpA2y5lPY0A},
	title= {IntegraMouse Vorstellungsvideo},
	year={2013},
	month={9},
	day={13},
	urldate={2017-04-15}
}

@online{QUADSTICK,
	url= {http://www.quadstick.com/},
	title = {QuadStick Gamecontroller}, 
	year={2017},
	month={4},
	urldate={2017-04-16}
}

@conference{SpeechInteraction,
	author={Tadeusiewicz, Ryszard},
	title={Speech in Human System Interaction},
	journal={Human System Interactions (HSI)},
	publisher={IEEE},
	year={2010},
	hyphenation={english}
}

@online{SEETECH,
	url= {http://humanelektronik.de/produkte/seetech/},
	title= {Humanelektronik Augensteuerung Seetech},
	year={2017},
	month={4},
	urldate={2017-04-29}
}

@book{PreimDachselt,
	author={Preim, Bernhard and Dachselt, Raimund},
	title={Interaktive Systeme: Band 2},
	subtitle={User Interface Engineering, 3D-Interaktion, Natural User Interfaces},
	publisher={Springer},
	location={Heidelberg},
	year={2015},
	edition={2},
	hyphenation={deutsch}
}

@conference{FaceTracking,
	author={Pahl, Christina and Yong Oon, Tan and Supriyanto, Eko},
	title={Fuzzy System Based Face Tracking for Head
Movement Control in Progressive Health Care},
	journal={Methods and Models in Automation and Robotics (MMAR)},
	publisher={IEEE},
	year={2015},
	hyphenation={english}
}

@conference{MouthChinaControl,
	author={Naizhong, Zhang and Jing, Wen},
	title={Hand-Free Head Mouse Control Based on Mouth
Tracking},
	journal={Computer Science & Education},
	publisher={IEEE},
	year={2015},
	hyphenation={english}
}

@online{FRUEHWALD,
	url= {https://www.fruehwald.net/mobilitaet/rollstuehle-u-elektrorollstuehle/sondersteuerungen},
	title={Frühwald Fußsteuerung},
	year={2017},
	month={4},
	urldate={2017-04-29}
}

@online{HIDREX,
	url= {http://www.hidrex.de/reha/rollstuhlsondersteuerung/r-net-system-penny-u-gilles/1-fuss-steuerung-mit-schuhhalter-inkl-joystick},
	title={Hidrex Fußsteuerung},
	year={2017},
	month={4},
	urldate={2017-04-29}
}

@book{BRAIN,
	author={Hassanien, Aboul Ella and Azar, Ahmad Taher },
	title={Brain-Computer Interfaces},
	subtitle={Current Trends and Applications},
	publisher={Springer},
	location={Schweiz},
	year={2015},
	hyphenation={english}
}

@article{BrainInt,
  title={Point-and-click cursor control with an intracortical neural interface system by humans with tetraplegia},
  author={Kim, Sung-Phil and Simeral, John D and Hochberg, Leigh R and Donoghue, John P and Friehs, Gerhard M and Black, Michael J},
  journal={IEEE Transactions on Neural Systems and Rehabilitation Engineering},
  volume={19},
  number={2},
  pages={193--203},
  year={2011},
  publisher={IEEE}
}

@article{EmgDefinition,
  title={Current state of digital signal processing in myoelectric interfaces and related applications},
  author={Hakonen, Maria and Piitulainen, Harri and Visala, Arto},
  journal={Biomedical Signal Processing and Control},
  volume={18},
  pages={334--359},
  year={2015},
  publisher={Elsevier}
}

@article{MyoOhr,
  title={Effects of muscle fatigue on the usability of a myoelectric human-computer interface},
  author={Barszap, Alexander G and Skavhaug, Ida-Maria and Joshi, Sanjay S},
  journal={Human Movement Science},
  volume={49},
  pages={225--238},
  year={2016},
  publisher={Elsevier}
}

@article{MyoTraining,
	author={Vernon, Scott and Joshi, Sanjay S.},
	title={Brain–Muscle–Computer Interface: Mobile-Phone Prototype Development and Testing},
	journal={IEEE Transactions on Information Technology in Biomedicine },
	volume={15},
	number={4},
	month={6},
	year={2011},
	pages={531-538},
	hyphenation={english}
}

@online{6DoFPic,
url= {https://en.wikipedia.org/wiki/Six_degrees_of_freedom},
	title ={Sechs Freiheitsgrade Bild},
	year={2017},
	month={5},
	urldate={2017-05-09}
}

@online{6DoF,
url= {https://www.techopedia.com/definition/12702/six-degrees-of-freedom-6dof},
	title ={Sechs Freiheitsgrade},
	year={2017},
	month={5},
	urldate={2017-05-09}
}

@online{myoBand,
	url = {https://www.myo.com/techspecs},
	title={Myo-Armband Technische Daten},
	year={2017},
	month={5},
	urldate={2017-05-13}
}

@online{myoBand2,
	url = {https://support.getmyo.com/hc/en-us/categories/200176946-Frequently-Asked-Questions},
	title={Myo-Armband FAQ},
	year={2017},
	month={5},
	urldate={2017-05-13}
}

@conference{LeeLim,
	author={Lee, Wonjun and Lim, Youn-kyung},
	title={Thermo-message: exploring the potential of heat as a modality of peripheral expression},
	journal={Conference on Human Factors in Computing Systems},
	publisher={ACM New York},
	year={2010},
	pages={4231-4236},
	hyphenation={english}
}

@conference{JonesBerris,
	author={Jones, Lynette A and Berris, Michal},
	title={The psychophysics of temperature perception and thermal-interface design},
	journal={ Haptic Interfaces for Virtual Environment and Teleoperator Systems},
	publisher={IEEE},
	year={2002},
	hyphenation={english}
}

@online{Vibration,
	url = {http://th-wildau.de/sbruntha/Material/VR/Websites-T09/Feedback/},
	title = {Feedback via Vibration},
	year={2011},
	urldate={2017-05-14}
}

@misc{an2002haptic,
  title={Haptic feedback joystick},
  author={An, Bin and Stiles, William P.},
  url={http://www.google.com/patents/US6429849},
  year={2002},
  month=aug # "~6",
  publisher={Google Patents},
  note={US Patent 6,429,849}
}

@online{TobiiCosts,
	url = {http://vandrico.com/wearables/device/tobii-pro-glasses-2},
	title = {Tobii Pro Glasses 2 Preis},
	year={2017},
	urldate={2017-05-27}
}

@online{20Methode,
	url = {https://www.aao.org/eye-health/tips-prevention/computer-usage},
	title = {20-20-20 Methode},
	year={2016},
	urldate={2017-05-27}
}

@online{Alexa,
	url = {https://www.amazon.com/Amazon-Echo-Bluetooth-Speaker-with-WiFi-Alexa/dp/B00X4WHP5E},
	title = {Amazon Alexa},
	year={2017},
	urldate={2017-05-27}
}

@online{Futurezone,
	url = {https://futurezone.at/produkte/apples-smarte-siri-lautsprecher-werden-bereits-produziert/267.277.617},
	title = {Apple Sprachassistent},
	year={2017},
	month={06},
	day={01},
	urldate={2017-06-01}
}

@online{Facebook,
	url = {https://www.researchsnipers.com/facebook-mind-reading-technology-unveiled-event/},
	title = {Facebook Gehirnsteuerung},
	year={2017},
	month={04},
	day={21},
	urldate={2017-06-01}
}

@article{holz2013brain,
  title={Brain--computer interface controlled gaming: Evaluation of usability by severely motor restricted end-users},
  author={Holz, Elisa Mira and H{\"o}hne, Johannes and Staiger-S{\"a}lzer, Pit and Tangermann, Michael and K{\"u}bler, Andrea},
  journal={Artificial intelligence in medicine},
  volume={59},
  number={2},
  pages={111--120},
  year={2013},
  publisher={Elsevier}
}

@online{eyeTribe,
	url = {https://www.youtube.com/watch?v=PL9cCi5zTzE},
	title = {The Eye Tribe Android Smartphone},
	year={2013},
	urldate={2017-06-16}
}

@online{epoc,
	url = {https://www.emotiv.com/epoc/},
	title = {Emotiv EPOC+},
	year={2017},
	urldate={2017-06-16}
}



